%YAML 1.1
%TAG !u! tag:unity3d.com,2011:
--- !u!29 &1
OcclusionCullingSettings:
  m_ObjectHideFlags: 0
  serializedVersion: 2
  m_OcclusionBakeSettings:
    smallestOccluder: 5
    smallestHole: 0.25
    backfaceThreshold: 100
  m_SceneGUID: 00000000000000000000000000000000
  m_OcclusionCullingData: {fileID: 0}
--- !u!104 &2
RenderSettings:
  m_ObjectHideFlags: 0
  serializedVersion: 8
  m_Fog: 0
  m_FogColor: {r: 0.14673913, g: 0.14673913, b: 0.14673913, a: 1}
  m_FogMode: 1
  m_FogDensity: 1
  m_LinearFogStart: 10
  m_LinearFogEnd: 300
  m_AmbientSkyColor: {r: 1, g: 1, b: 1, a: 1}
  m_AmbientEquatorColor: {r: 1, g: 1, b: 1, a: 1}
  m_AmbientGroundColor: {r: 1, g: 1, b: 1, a: 1}
  m_AmbientIntensity: 1
  m_AmbientMode: 3
  m_SubtractiveShadowColor: {r: 0.42, g: 0.478, b: 0.627, a: 1}
  m_SkyboxMaterial: {fileID: 0}
  m_HaloStrength: 0.5
  m_FlareStrength: 1
  m_FlareFadeSpeed: 3
  m_HaloTexture: {fileID: 0}
  m_SpotCookie: {fileID: 10001, guid: 0000000000000000e000000000000000, type: 0}
  m_DefaultReflectionMode: 0
  m_DefaultReflectionResolution: 128
  m_ReflectionBounces: 1
  m_ReflectionIntensity: 1
  m_CustomReflection: {fileID: 0}
  m_Sun: {fileID: 0}
  m_IndirectSpecularColor: {r: 0, g: 0, b: 0, a: 1}
--- !u!196 &3
NavMeshSettings:
  serializedVersion: 2
  m_ObjectHideFlags: 0
  m_BuildSettings:
    serializedVersion: 2
    agentTypeID: 0
    agentRadius: 0.5
    agentHeight: 2
    agentSlope: 45
    agentClimb: 0.4
    ledgeDropHeight: 0
    maxJumpAcrossDistance: 0
    minRegionArea: 2
    manualCellSize: 0
    cellSize: 0.16666667
    manualTileSize: 0
    tileSize: 256
    accuratePlacement: 0
  m_NavMeshData: {fileID: 0}
--- !u!157 &4
LightmapSettings:
  m_ObjectHideFlags: 0
  serializedVersion: 11
  m_GIWorkflowMode: 1
  m_GISettings:
    serializedVersion: 2
    m_BounceScale: 1
    m_IndirectOutputScale: 1
    m_AlbedoBoost: 1
    m_TemporalCoherenceThreshold: 1
    m_EnvironmentLightingMode: 0
    m_EnableBakedLightmaps: 1
    m_EnableRealtimeLightmaps: 0
  m_LightmapEditorSettings:
    serializedVersion: 9
    m_Resolution: 1
    m_BakeResolution: 50
    m_TextureWidth: 1024
    m_TextureHeight: 1024
    m_AO: 1
    m_AOMaxDistance: 1
    m_CompAOExponent: 1
    m_CompAOExponentDirect: 0
    m_Padding: 2
    m_LightmapParameters: {fileID: 0}
    m_LightmapsBakeMode: 1
    m_TextureCompression: 0
    m_FinalGather: 0
    m_FinalGatherFiltering: 1
    m_FinalGatherRayCount: 256
    m_ReflectionCompression: 2
    m_MixedBakeMode: 1
    m_BakeBackend: 0
    m_PVRSampling: 1
    m_PVRDirectSampleCount: 32
    m_PVRSampleCount: 500
    m_PVRBounces: 2
    m_PVRFiltering: 0
    m_PVRFilteringMode: 1
    m_PVRCulling: 1
    m_PVRFilteringGaussRadiusDirect: 1
    m_PVRFilteringGaussRadiusIndirect: 5
    m_PVRFilteringGaussRadiusAO: 2
    m_PVRFilteringAtrousColorSigma: 1
    m_PVRFilteringAtrousNormalSigma: 1
    m_PVRFilteringAtrousPositionSigma: 1
  m_LightingDataAsset: {fileID: 0}
  m_UseShadowmask: 0
--- !u!1 &18
GameObject:
  m_ObjectHideFlags: 0
  m_PrefabParentObject: {fileID: 0}
  m_PrefabInternal: {fileID: 0}
  serializedVersion: 5
  m_Component:
  - component: {fileID: 75}
  - component: {fileID: 155}
  - component: {fileID: 177}
  - component: {fileID: 135}
  m_Layer: 0
  m_Name: Plane
  m_TagString: Untagged
  m_Icon: {fileID: 0}
  m_NavMeshLayer: 0
  m_StaticEditorFlags: 0
  m_IsActive: 0
--- !u!1 &39
GameObject:
  m_ObjectHideFlags: 0
  m_PrefabParentObject: {fileID: 0}
  m_PrefabInternal: {fileID: 0}
  serializedVersion: 5
  m_Component:
  - component: {fileID: 96}
  - component: {fileID: 160}
  - component: {fileID: 139}
  m_Layer: 0
  m_Name: Mask
  m_TagString: Untagged
  m_Icon: {fileID: 0}
  m_NavMeshLayer: 0
  m_StaticEditorFlags: 0
  m_IsActive: 0
--- !u!1 &47
GameObject:
  m_ObjectHideFlags: 0
  m_PrefabParentObject: {fileID: 0}
  m_PrefabInternal: {fileID: 0}
  serializedVersion: 5
  m_Component:
  - component: {fileID: 104}
  - component: {fileID: 183}
  - component: {fileID: 210}
  m_Layer: 2
  m_Name: BoundLeft
  m_TagString: Untagged
  m_Icon: {fileID: 0}
  m_NavMeshLayer: 0
  m_StaticEditorFlags: 0
  m_IsActive: 0
--- !u!1 &48
GameObject:
  m_ObjectHideFlags: 0
  m_PrefabParentObject: {fileID: 0}
  m_PrefabInternal: {fileID: 0}
  serializedVersion: 5
  m_Component:
  - component: {fileID: 105}
  m_Layer: 0
  m_Name: CloudSpawn
  m_TagString: Untagged
  m_Icon: {fileID: 0}
  m_NavMeshLayer: 0
  m_StaticEditorFlags: 0
  m_IsActive: 1
--- !u!1 &49
GameObject:
  m_ObjectHideFlags: 0
  m_PrefabParentObject: {fileID: 0}
  m_PrefabInternal: {fileID: 0}
  serializedVersion: 5
  m_Component:
  - component: {fileID: 106}
  m_Layer: 0
  m_Name: CloudSpawn
  m_TagString: Untagged
  m_Icon: {fileID: 0}
  m_NavMeshLayer: 0
  m_StaticEditorFlags: 0
  m_IsActive: 1
--- !u!1 &53
GameObject:
  m_ObjectHideFlags: 0
  m_PrefabParentObject: {fileID: 0}
  m_PrefabInternal: {fileID: 0}
  serializedVersion: 5
  m_Component:
  - component: {fileID: 110}
  - component: {fileID: 185}
  - component: {fileID: 211}
  m_Layer: 2
  m_Name: BoundRight
  m_TagString: Untagged
  m_Icon: {fileID: 0}
  m_NavMeshLayer: 0
  m_StaticEditorFlags: 0
  m_IsActive: 0
--- !u!1 &54
GameObject:
  m_ObjectHideFlags: 0
  m_PrefabParentObject: {fileID: 0}
  m_PrefabInternal: {fileID: 0}
  serializedVersion: 5
  m_Component:
  - component: {fileID: 111}
  - component: {fileID: 186}
  m_Layer: 11
  m_Name: BoundBottom
  m_TagString: Untagged
  m_Icon: {fileID: 0}
  m_NavMeshLayer: 0
  m_StaticEditorFlags: 0
  m_IsActive: 0
--- !u!1 &55
GameObject:
  m_ObjectHideFlags: 0
  m_PrefabParentObject: {fileID: 0}
  m_PrefabInternal: {fileID: 0}
  serializedVersion: 5
  m_Component:
  - component: {fileID: 112}
  - component: {fileID: 187}
  m_Layer: 2
  m_Name: BoundTop
  m_TagString: Untagged
  m_Icon: {fileID: 0}
  m_NavMeshLayer: 0
  m_StaticEditorFlags: 0
  m_IsActive: 0
--- !u!1 &60
GameObject:
  m_ObjectHideFlags: 0
  m_PrefabParentObject: {fileID: 0}
  m_PrefabInternal: {fileID: 0}
  serializedVersion: 5
  m_Component:
  - component: {fileID: 117}
  m_Layer: 0
  m_Name: Clouds
  m_TagString: Untagged
  m_Icon: {fileID: 0}
  m_NavMeshLayer: 0
  m_StaticEditorFlags: 0
  m_IsActive: 1
--- !u!1 &63
GameObject:
  m_ObjectHideFlags: 0
  m_PrefabParentObject: {fileID: 0}
  m_PrefabInternal: {fileID: 0}
  serializedVersion: 5
  m_Component:
  - component: {fileID: 120}
  - component: {fileID: 131}
  - component: {fileID: 192}
  - component: {fileID: 196}
  - component: {fileID: 191}
  m_Layer: 0
  m_Name: Main Camera
  m_TagString: MainCamera
  m_Icon: {fileID: 0}
  m_NavMeshLayer: 0
  m_StaticEditorFlags: 0
  m_IsActive: 1
--- !u!4 &64 stripped
Transform:
  m_PrefabParentObject: {fileID: 400000, guid: 123e8f1e7d43e4dc8aef6a1da9006a8f, type: 2}
  m_PrefabInternal: {fileID: 217}
--- !u!4 &67 stripped
Transform:
  m_PrefabParentObject: {fileID: 400000, guid: 123e8f1e7d43e4dc8aef6a1da9006a8f, type: 2}
  m_PrefabInternal: {fileID: 218}
--- !u!4 &68 stripped
Transform:
  m_PrefabParentObject: {fileID: 400000, guid: 123e8f1e7d43e4dc8aef6a1da9006a8f, type: 2}
  m_PrefabInternal: {fileID: 219}
--- !u!4 &75
Transform:
  m_ObjectHideFlags: 0
  m_PrefabParentObject: {fileID: 0}
  m_PrefabInternal: {fileID: 0}
  m_GameObject: {fileID: 18}
  m_LocalRotation: {x: 0, y: 0, z: 0, w: 1}
  m_LocalPosition: {x: 0, y: -0.6051903, z: 0}
  m_LocalScale: {x: 40, y: 1, z: 40}
  m_Children: []
  m_Father: {fileID: 0}
  m_RootOrder: 6
  m_LocalEulerAnglesHint: {x: 0, y: 0, z: 0}
--- !u!4 &96
Transform:
  m_ObjectHideFlags: 0
  m_PrefabParentObject: {fileID: 0}
  m_PrefabInternal: {fileID: 0}
  m_GameObject: {fileID: 39}
  m_LocalRotation: {x: 0.7071066, y: -0.00000018831399, z: -0.00000018831389, w: -0.70710695}
  m_LocalPosition: {x: 0, y: 0, z: 1}
  m_LocalScale: {x: 9.35, y: 1, z: 7}
  m_Children: []
  m_Father: {fileID: 120}
  m_RootOrder: 0
  m_LocalEulerAnglesHint: {x: 0, y: 0, z: 0}
--- !u!4 &104
Transform:
  m_ObjectHideFlags: 0
  m_PrefabParentObject: {fileID: 0}
  m_PrefabInternal: {fileID: 0}
  m_GameObject: {fileID: 47}
  m_LocalRotation: {x: 0, y: 0, z: 0, w: 1}
  m_LocalPosition: {x: 6.4, y: -17.2, z: 0}
  m_LocalScale: {x: 1, y: 40, z: 1}
  m_Children:
  - {fileID: 105}
  m_Father: {fileID: 117}
  m_RootOrder: 1
  m_LocalEulerAnglesHint: {x: 0, y: 0, z: 0}
--- !u!4 &105
Transform:
  m_ObjectHideFlags: 0
  m_PrefabParentObject: {fileID: 0}
  m_PrefabInternal: {fileID: 0}
  m_GameObject: {fileID: 48}
  m_LocalRotation: {x: 0, y: 0, z: 0, w: 1}
  m_LocalPosition: {x: -31.5, y: 0.15, z: 0}
  m_LocalScale: {x: 1, y: 0.025, z: 1}
  m_Children: []
  m_Father: {fileID: 104}
  m_RootOrder: 0
  m_LocalEulerAnglesHint: {x: 0, y: 0, z: 0}
--- !u!4 &106
Transform:
  m_ObjectHideFlags: 0
  m_PrefabParentObject: {fileID: 0}
  m_PrefabInternal: {fileID: 0}
  m_GameObject: {fileID: 49}
  m_LocalRotation: {x: 0, y: 0, z: 0, w: 1}
  m_LocalPosition: {x: 27.9, y: 0.08, z: 0}
  m_LocalScale: {x: 1, y: 0.025, z: 1}
  m_Children: []
  m_Father: {fileID: 110}
  m_RootOrder: 0
  m_LocalEulerAnglesHint: {x: 0, y: 0, z: 0}
--- !u!4 &110
Transform:
  m_ObjectHideFlags: 0
  m_PrefabParentObject: {fileID: 0}
  m_PrefabInternal: {fileID: 0}
  m_GameObject: {fileID: 53}
  m_LocalRotation: {x: 0, y: 0, z: 0, w: 1}
  m_LocalPosition: {x: -32.62, y: -13.7, z: 0}
  m_LocalScale: {x: 1, y: 40, z: 1}
  m_Children:
  - {fileID: 106}
  m_Father: {fileID: 117}
  m_RootOrder: 0
  m_LocalEulerAnglesHint: {x: 0, y: 0, z: 0}
--- !u!4 &111
Transform:
  m_ObjectHideFlags: 0
  m_PrefabParentObject: {fileID: 0}
  m_PrefabInternal: {fileID: 0}
  m_GameObject: {fileID: 54}
  m_LocalRotation: {x: 0, y: 0, z: 0, w: 1}
  m_LocalPosition: {x: 6.522264, y: 6.169941, z: 0.20166016}
  m_LocalScale: {x: 120, y: 1, z: 1}
  m_Children: []
  m_Father: {fileID: 117}
  m_RootOrder: 3
  m_LocalEulerAnglesHint: {x: 0, y: 0, z: 0}
--- !u!4 &112
Transform:
  m_ObjectHideFlags: 0
  m_PrefabParentObject: {fileID: 0}
  m_PrefabInternal: {fileID: 0}
  m_GameObject: {fileID: 55}
  m_LocalRotation: {x: 0, y: 0, z: 0, w: 1}
  m_LocalPosition: {x: 6.522264, y: 47.280563, z: 0.20166016}
  m_LocalScale: {x: 120, y: 1, z: 1}
  m_Children: []
  m_Father: {fileID: 117}
  m_RootOrder: 2
  m_LocalEulerAnglesHint: {x: 0, y: 0, z: 0}
--- !u!4 &117
Transform:
  m_ObjectHideFlags: 0
  m_PrefabParentObject: {fileID: 0}
  m_PrefabInternal: {fileID: 0}
  m_GameObject: {fileID: 60}
  m_LocalRotation: {x: 0, y: 1, z: 0, w: 0}
  m_LocalPosition: {x: -6.522264, y: 23.61676, z: -0.20166016}
  m_LocalScale: {x: 1, y: 1, z: 1}
  m_Children:
  - {fileID: 110}
  - {fileID: 104}
  - {fileID: 112}
  - {fileID: 111}
  - {fileID: 64}
  - {fileID: 67}
  - {fileID: 68}
  m_Father: {fileID: 0}
  m_RootOrder: 5
  m_LocalEulerAnglesHint: {x: 0, y: 180, z: 0}
--- !u!4 &120
Transform:
  m_ObjectHideFlags: 0
  m_PrefabParentObject: {fileID: 0}
  m_PrefabInternal: {fileID: 0}
  m_GameObject: {fileID: 63}
  m_LocalRotation: {x: 0, y: 0.000001498028, z: -0, w: -1}
  m_LocalPosition: {x: 10.98, y: 7.71, z: -5}
  m_LocalScale: {x: 1, y: 1, z: 1}
  m_Children:
  - {fileID: 96}
  - {fileID: 227}
  m_Father: {fileID: 624480438}
  m_RootOrder: 4
  m_LocalEulerAnglesHint: {x: 0, y: 1800, z: 0}
--- !u!20 &131
Camera:
  m_ObjectHideFlags: 0
  m_PrefabParentObject: {fileID: 0}
  m_PrefabInternal: {fileID: 0}
  m_GameObject: {fileID: 63}
  m_Enabled: 1
  serializedVersion: 2
  m_ClearFlags: 1
  m_BackGroundColor: {r: 0.0051244055, g: 0.14130437, b: 0, a: 0.02}
  m_NormalizedViewPortRect:
    serializedVersion: 2
    x: 0
    y: 0
    width: 1
    height: 1
  near clip plane: 0.3
  far clip plane: 1000
  field of view: 60
  orthographic: 1
  orthographic size: 10
  m_Depth: -1
  m_CullingMask:
    serializedVersion: 2
    m_Bits: 4294967295
  m_RenderingPath: -1
  m_TargetTexture: {fileID: 0}
  m_TargetDisplay: 0
  m_TargetEye: 3
  m_HDR: 1
  m_AllowMSAA: 1
  m_ForceIntoRT: 0
  m_OcclusionCulling: 1
  m_StereoConvergence: 10
  m_StereoSeparation: 0.022
  m_StereoMirrorMode: 0
--- !u!23 &135
MeshRenderer:
  m_ObjectHideFlags: 0
  m_PrefabParentObject: {fileID: 0}
  m_PrefabInternal: {fileID: 0}
  m_GameObject: {fileID: 18}
  m_Enabled: 1
  m_CastShadows: 1
  m_ReceiveShadows: 1
  m_MotionVectors: 1
  m_LightProbeUsage: 1
  m_ReflectionProbeUsage: 1
  m_Materials:
  - {fileID: 2100000, guid: 57bf56c69a20a4a2cb142fbc5bcc3164, type: 2}
  m_StaticBatchInfo:
    firstSubMesh: 0
    subMeshCount: 0
  m_StaticBatchRoot: {fileID: 0}
  m_ProbeAnchor: {fileID: 0}
  m_LightProbeVolumeOverride: {fileID: 0}
  m_ScaleInLightmap: 1
  m_PreserveUVs: 0
  m_IgnoreNormalsForChartDetection: 0
  m_ImportantGI: 0
  m_SelectedEditorRenderState: 3
  m_MinimumChartSize: 4
  m_AutoUVMaxDistance: 0.5
  m_AutoUVMaxAngle: 89
  m_LightmapParameters: {fileID: 0}
  m_SortingLayerID: 0
  m_SortingLayer: 0
  m_SortingOrder: 0
--- !u!23 &139
MeshRenderer:
  m_ObjectHideFlags: 0
  m_PrefabParentObject: {fileID: 0}
  m_PrefabInternal: {fileID: 0}
  m_GameObject: {fileID: 39}
  m_Enabled: 1
  m_CastShadows: 1
  m_ReceiveShadows: 1
  m_MotionVectors: 1
  m_LightProbeUsage: 1
  m_ReflectionProbeUsage: 1
  m_Materials:
  - {fileID: 2100000, guid: 1b598e9c129c84852a504b13e17f2caa, type: 2}
  m_StaticBatchInfo:
    firstSubMesh: 0
    subMeshCount: 0
  m_StaticBatchRoot: {fileID: 0}
  m_ProbeAnchor: {fileID: 0}
  m_LightProbeVolumeOverride: {fileID: 0}
  m_ScaleInLightmap: 1
  m_PreserveUVs: 0
  m_IgnoreNormalsForChartDetection: 0
  m_ImportantGI: 0
  m_SelectedEditorRenderState: 3
  m_MinimumChartSize: 4
  m_AutoUVMaxDistance: 0.5
  m_AutoUVMaxAngle: 89
  m_LightmapParameters: {fileID: 0}
  m_SortingLayerID: 0
  m_SortingLayer: 0
  m_SortingOrder: 0
--- !u!33 &155
MeshFilter:
  m_ObjectHideFlags: 0
  m_PrefabParentObject: {fileID: 0}
  m_PrefabInternal: {fileID: 0}
  m_GameObject: {fileID: 18}
  m_Mesh: {fileID: 10209, guid: 0000000000000000e000000000000000, type: 0}
--- !u!33 &160
MeshFilter:
  m_ObjectHideFlags: 0
  m_PrefabParentObject: {fileID: 0}
  m_PrefabInternal: {fileID: 0}
  m_GameObject: {fileID: 39}
  m_Mesh: {fileID: 10209, guid: 0000000000000000e000000000000000, type: 0}
--- !u!64 &177
MeshCollider:
  m_ObjectHideFlags: 0
  m_PrefabParentObject: {fileID: 0}
  m_PrefabInternal: {fileID: 0}
  m_GameObject: {fileID: 18}
  m_Material: {fileID: 0}
  m_IsTrigger: 0
  m_Enabled: 1
  serializedVersion: 2
  m_Convex: 0
  m_InflateMesh: 0
  m_SkinWidth: 0.01
  m_Mesh: {fileID: 10209, guid: 0000000000000000e000000000000000, type: 0}
--- !u!65 &183
BoxCollider:
  m_ObjectHideFlags: 0
  m_PrefabParentObject: {fileID: 0}
  m_PrefabInternal: {fileID: 0}
  m_GameObject: {fileID: 47}
  m_Material: {fileID: 0}
  m_IsTrigger: 1
  m_Enabled: 1
  serializedVersion: 2
  m_Size: {x: 1, y: 1, z: 8}
  m_Center: {x: 0, y: 0, z: 0}
--- !u!65 &185
BoxCollider:
  m_ObjectHideFlags: 0
  m_PrefabParentObject: {fileID: 0}
  m_PrefabInternal: {fileID: 0}
  m_GameObject: {fileID: 53}
  m_Material: {fileID: 0}
  m_IsTrigger: 1
  m_Enabled: 1
  serializedVersion: 2
  m_Size: {x: 1, y: 1, z: 8}
  m_Center: {x: 0, y: 0, z: 0}
--- !u!65 &186
BoxCollider:
  m_ObjectHideFlags: 0
  m_PrefabParentObject: {fileID: 0}
  m_PrefabInternal: {fileID: 0}
  m_GameObject: {fileID: 54}
  m_Material: {fileID: 0}
  m_IsTrigger: 0
  m_Enabled: 1
  serializedVersion: 2
  m_Size: {x: 1, y: 1, z: 8}
  m_Center: {x: 0, y: 0, z: 0}
--- !u!65 &187
BoxCollider:
  m_ObjectHideFlags: 0
  m_PrefabParentObject: {fileID: 0}
  m_PrefabInternal: {fileID: 0}
  m_GameObject: {fileID: 55}
  m_Material: {fileID: 0}
  m_IsTrigger: 0
  m_Enabled: 1
  serializedVersion: 2
  m_Size: {x: 1, y: 1, z: 8}
  m_Center: {x: 0, y: 0, z: 0}
--- !u!81 &191
AudioListener:
  m_ObjectHideFlags: 0
  m_PrefabParentObject: {fileID: 0}
  m_PrefabInternal: {fileID: 0}
  m_GameObject: {fileID: 63}
  m_Enabled: 1
--- !u!92 &192
Behaviour:
  m_ObjectHideFlags: 0
  m_PrefabParentObject: {fileID: 0}
  m_PrefabInternal: {fileID: 0}
  m_GameObject: {fileID: 63}
  m_Enabled: 1
--- !u!124 &196
Behaviour:
  m_ObjectHideFlags: 0
  m_PrefabParentObject: {fileID: 0}
  m_PrefabInternal: {fileID: 0}
  m_GameObject: {fileID: 63}
  m_Enabled: 1
--- !u!114 &210
MonoBehaviour:
  m_ObjectHideFlags: 0
  m_PrefabParentObject: {fileID: 0}
  m_PrefabInternal: {fileID: 0}
  m_GameObject: {fileID: 47}
  m_Enabled: 1
  m_EditorHideFlags: 0
  m_Script: {fileID: 11500000, guid: b0b762b8f64e9479893ef8fb734c8f4b, type: 3}
  m_Name: 
  m_EditorClassIdentifier: 
  triggerCollider: {fileID: 0}
  autoAssignTriggerTag: 
  targetObject: {fileID: 0}
  autoAssignTargetTag: 
  targetMessage: 
  destroyTriggerObject: 1
  createObject: {fileID: 0}
  createObjectPoint: {fileID: 105}
--- !u!114 &211
MonoBehaviour:
  m_ObjectHideFlags: 0
  m_PrefabParentObject: {fileID: 0}
  m_PrefabInternal: {fileID: 0}
  m_GameObject: {fileID: 53}
  m_Enabled: 1
  m_EditorHideFlags: 0
  m_Script: {fileID: 11500000, guid: b0b762b8f64e9479893ef8fb734c8f4b, type: 3}
  m_Name: 
  m_EditorClassIdentifier: 
  triggerCollider: {fileID: 0}
  autoAssignTriggerTag: 
  targetObject: {fileID: 0}
  autoAssignTargetTag: 
  targetMessage: 
  destroyTriggerObject: 1
  createObject: {fileID: 0}
  createObjectPoint: {fileID: 106}
--- !u!1001 &216
Prefab:
  m_ObjectHideFlags: 0
  serializedVersion: 2
  m_Modification:
    m_TransformParent: {fileID: 0}
    m_Modifications:
    - target: {fileID: 100000, guid: f828cd4e0f24c404c9ae22377d41e91f, type: 2}
      propertyPath: m_Name
      value: House
      objectReference: {fileID: 0}
    - target: {fileID: 400000, guid: f828cd4e0f24c404c9ae22377d41e91f, type: 2}
      propertyPath: m_LocalRotation.x
      value: 0
      objectReference: {fileID: 0}
    - target: {fileID: 400000, guid: f828cd4e0f24c404c9ae22377d41e91f, type: 2}
      propertyPath: m_LocalRotation.y
      value: 1
      objectReference: {fileID: 0}
    - target: {fileID: 400000, guid: f828cd4e0f24c404c9ae22377d41e91f, type: 2}
      propertyPath: m_LocalRotation.z
      value: 0
      objectReference: {fileID: 0}
    - target: {fileID: 400000, guid: f828cd4e0f24c404c9ae22377d41e91f, type: 2}
      propertyPath: m_LocalRotation.w
      value: 0
      objectReference: {fileID: 0}
    - target: {fileID: 400000, guid: f828cd4e0f24c404c9ae22377d41e91f, type: 2}
      propertyPath: m_LocalPosition.x
      value: 19.24
      objectReference: {fileID: 0}
    - target: {fileID: 400000, guid: f828cd4e0f24c404c9ae22377d41e91f, type: 2}
      propertyPath: m_LocalPosition.y
      value: 2.81
      objectReference: {fileID: 0}
    - target: {fileID: 400000, guid: f828cd4e0f24c404c9ae22377d41e91f, type: 2}
      propertyPath: m_LocalPosition.z
      value: 0.5
      objectReference: {fileID: 0}
    - target: {fileID: 400000, guid: f828cd4e0f24c404c9ae22377d41e91f, type: 2}
      propertyPath: m_RootOrder
      value: 3
      objectReference: {fileID: 0}
    - target: {fileID: 400000, guid: f828cd4e0f24c404c9ae22377d41e91f, type: 2}
      propertyPath: m_LocalEulerAnglesHint.y
      value: 180
      objectReference: {fileID: 0}
    - target: {fileID: 400000, guid: f828cd4e0f24c404c9ae22377d41e91f, type: 2}
      propertyPath: m_LocalScale.x
      value: 4
      objectReference: {fileID: 0}
    - target: {fileID: 400000, guid: f828cd4e0f24c404c9ae22377d41e91f, type: 2}
      propertyPath: m_LocalScale.y
      value: 4
      objectReference: {fileID: 0}
    - target: {fileID: 100000, guid: f828cd4e0f24c404c9ae22377d41e91f, type: 2}
      propertyPath: m_TagString
      value: Finish
      objectReference: {fileID: 0}
    - target: {fileID: 11400000, guid: f828cd4e0f24c404c9ae22377d41e91f, type: 2}
      propertyPath: m_Enabled
      value: 1
      objectReference: {fileID: 0}
    - target: {fileID: 100000, guid: f828cd4e0f24c404c9ae22377d41e91f, type: 2}
      propertyPath: m_IsActive
      value: 1
      objectReference: {fileID: 0}
    m_RemovedComponents: []
  m_ParentPrefab: {fileID: 100100000, guid: f828cd4e0f24c404c9ae22377d41e91f, type: 2}
  m_IsPrefabParent: 0
--- !u!1001 &217
Prefab:
  m_ObjectHideFlags: 0
  serializedVersion: 2
  m_Modification:
    m_TransformParent: {fileID: 117}
    m_Modifications:
    - target: {fileID: 100000, guid: 123e8f1e7d43e4dc8aef6a1da9006a8f, type: 2}
      propertyPath: m_Name
      value: Cloud
      objectReference: {fileID: 0}
    - target: {fileID: 400000, guid: 123e8f1e7d43e4dc8aef6a1da9006a8f, type: 2}
      propertyPath: m_LocalRotation.x
      value: 0
      objectReference: {fileID: 0}
    - target: {fileID: 400000, guid: 123e8f1e7d43e4dc8aef6a1da9006a8f, type: 2}
      propertyPath: m_LocalRotation.y
      value: 0
      objectReference: {fileID: 0}
    - target: {fileID: 400000, guid: 123e8f1e7d43e4dc8aef6a1da9006a8f, type: 2}
      propertyPath: m_LocalRotation.z
      value: 0
      objectReference: {fileID: 0}
    - target: {fileID: 400000, guid: 123e8f1e7d43e4dc8aef6a1da9006a8f, type: 2}
      propertyPath: m_LocalRotation.w
      value: 1
      objectReference: {fileID: 0}
    - target: {fileID: 400000, guid: 123e8f1e7d43e4dc8aef6a1da9006a8f, type: 2}
      propertyPath: m_LocalPosition.x
      value: -19.588367
      objectReference: {fileID: 0}
    - target: {fileID: 400000, guid: 123e8f1e7d43e4dc8aef6a1da9006a8f, type: 2}
      propertyPath: m_LocalPosition.y
      value: -7.7683735
      objectReference: {fileID: 0}
    - target: {fileID: 400000, guid: 123e8f1e7d43e4dc8aef6a1da9006a8f, type: 2}
      propertyPath: m_LocalPosition.z
      value: 0.20166016
      objectReference: {fileID: 0}
    - target: {fileID: 400000, guid: 123e8f1e7d43e4dc8aef6a1da9006a8f, type: 2}
      propertyPath: m_LocalScale.y
      value: 0.1
      objectReference: {fileID: 0}
    - target: {fileID: 400000, guid: 123e8f1e7d43e4dc8aef6a1da9006a8f, type: 2}
      propertyPath: m_LocalScale.z
      value: 0.4014654
      objectReference: {fileID: 0}
    - target: {fileID: 400000, guid: 123e8f1e7d43e4dc8aef6a1da9006a8f, type: 2}
      propertyPath: m_RootOrder
      value: 4
      objectReference: {fileID: 0}
    - target: {fileID: 400000, guid: 123e8f1e7d43e4dc8aef6a1da9006a8f, type: 2}
      propertyPath: m_LocalScale.x
      value: 0.5
      objectReference: {fileID: 0}
    - target: {fileID: 11400000, guid: 123e8f1e7d43e4dc8aef6a1da9006a8f, type: 2}
      propertyPath: idleVelocity.x
      value: 0.001
      objectReference: {fileID: 0}
    m_RemovedComponents: []
  m_ParentPrefab: {fileID: 100100000, guid: 123e8f1e7d43e4dc8aef6a1da9006a8f, type: 2}
  m_IsPrefabParent: 0
--- !u!1001 &218
Prefab:
  m_ObjectHideFlags: 0
  serializedVersion: 2
  m_Modification:
    m_TransformParent: {fileID: 117}
    m_Modifications:
    - target: {fileID: 100000, guid: 123e8f1e7d43e4dc8aef6a1da9006a8f, type: 2}
      propertyPath: m_Name
      value: Cloud
      objectReference: {fileID: 0}
    - target: {fileID: 400000, guid: 123e8f1e7d43e4dc8aef6a1da9006a8f, type: 2}
      propertyPath: m_LocalRotation.x
      value: 0
      objectReference: {fileID: 0}
    - target: {fileID: 400000, guid: 123e8f1e7d43e4dc8aef6a1da9006a8f, type: 2}
      propertyPath: m_LocalRotation.y
      value: 0
      objectReference: {fileID: 0}
    - target: {fileID: 400000, guid: 123e8f1e7d43e4dc8aef6a1da9006a8f, type: 2}
      propertyPath: m_LocalRotation.z
      value: 0
      objectReference: {fileID: 0}
    - target: {fileID: 400000, guid: 123e8f1e7d43e4dc8aef6a1da9006a8f, type: 2}
      propertyPath: m_LocalRotation.w
      value: 1
      objectReference: {fileID: 0}
    - target: {fileID: 400000, guid: 123e8f1e7d43e4dc8aef6a1da9006a8f, type: 2}
      propertyPath: m_LocalPosition.x
      value: -28
      objectReference: {fileID: 0}
    - target: {fileID: 400000, guid: 123e8f1e7d43e4dc8aef6a1da9006a8f, type: 2}
      propertyPath: m_LocalPosition.y
      value: -11.8
      objectReference: {fileID: 0}
    - target: {fileID: 400000, guid: 123e8f1e7d43e4dc8aef6a1da9006a8f, type: 2}
      propertyPath: m_LocalPosition.z
      value: 0.20166016
      objectReference: {fileID: 0}
    - target: {fileID: 400000, guid: 123e8f1e7d43e4dc8aef6a1da9006a8f, type: 2}
      propertyPath: m_LocalScale.y
      value: 0.1
      objectReference: {fileID: 0}
    - target: {fileID: 400000, guid: 123e8f1e7d43e4dc8aef6a1da9006a8f, type: 2}
      propertyPath: m_LocalScale.z
      value: 0.40146542
      objectReference: {fileID: 0}
    - target: {fileID: 400000, guid: 123e8f1e7d43e4dc8aef6a1da9006a8f, type: 2}
      propertyPath: m_RootOrder
      value: 5
      objectReference: {fileID: 0}
    - target: {fileID: 400000, guid: 123e8f1e7d43e4dc8aef6a1da9006a8f, type: 2}
      propertyPath: m_LocalScale.x
      value: 0.5
      objectReference: {fileID: 0}
    - target: {fileID: 11400000, guid: 123e8f1e7d43e4dc8aef6a1da9006a8f, type: 2}
      propertyPath: idleVelocity.x
      value: 0.001
      objectReference: {fileID: 0}
    m_RemovedComponents: []
  m_ParentPrefab: {fileID: 100100000, guid: 123e8f1e7d43e4dc8aef6a1da9006a8f, type: 2}
  m_IsPrefabParent: 0
--- !u!1001 &219
Prefab:
  m_ObjectHideFlags: 0
  serializedVersion: 2
  m_Modification:
    m_TransformParent: {fileID: 117}
    m_Modifications:
    - target: {fileID: 100000, guid: 123e8f1e7d43e4dc8aef6a1da9006a8f, type: 2}
      propertyPath: m_Name
      value: Cloud
      objectReference: {fileID: 0}
    - target: {fileID: 400000, guid: 123e8f1e7d43e4dc8aef6a1da9006a8f, type: 2}
      propertyPath: m_LocalRotation.x
      value: 0
      objectReference: {fileID: 0}
    - target: {fileID: 400000, guid: 123e8f1e7d43e4dc8aef6a1da9006a8f, type: 2}
      propertyPath: m_LocalRotation.y
      value: 0
      objectReference: {fileID: 0}
    - target: {fileID: 400000, guid: 123e8f1e7d43e4dc8aef6a1da9006a8f, type: 2}
      propertyPath: m_LocalRotation.z
      value: 0
      objectReference: {fileID: 0}
    - target: {fileID: 400000, guid: 123e8f1e7d43e4dc8aef6a1da9006a8f, type: 2}
      propertyPath: m_LocalRotation.w
      value: 1
      objectReference: {fileID: 0}
    - target: {fileID: 400000, guid: 123e8f1e7d43e4dc8aef6a1da9006a8f, type: 2}
      propertyPath: m_LocalPosition.x
      value: -13
      objectReference: {fileID: 0}
    - target: {fileID: 400000, guid: 123e8f1e7d43e4dc8aef6a1da9006a8f, type: 2}
      propertyPath: m_LocalPosition.y
      value: -12.1
      objectReference: {fileID: 0}
    - target: {fileID: 400000, guid: 123e8f1e7d43e4dc8aef6a1da9006a8f, type: 2}
      propertyPath: m_LocalPosition.z
      value: 0.20166016
      objectReference: {fileID: 0}
    - target: {fileID: 400000, guid: 123e8f1e7d43e4dc8aef6a1da9006a8f, type: 2}
      propertyPath: m_RootOrder
      value: 6
      objectReference: {fileID: 0}
    - target: {fileID: 400000, guid: 123e8f1e7d43e4dc8aef6a1da9006a8f, type: 2}
      propertyPath: m_LocalScale.x
      value: 0.5
      objectReference: {fileID: 0}
    - target: {fileID: 400000, guid: 123e8f1e7d43e4dc8aef6a1da9006a8f, type: 2}
      propertyPath: m_LocalScale.y
      value: 0.1
      objectReference: {fileID: 0}
    - target: {fileID: 11400000, guid: 123e8f1e7d43e4dc8aef6a1da9006a8f, type: 2}
      propertyPath: idleVelocity.x
      value: 0.001
      objectReference: {fileID: 0}
    m_RemovedComponents: []
  m_ParentPrefab: {fileID: 100100000, guid: 123e8f1e7d43e4dc8aef6a1da9006a8f, type: 2}
  m_IsPrefabParent: 0
--- !u!1001 &221
Prefab:
  m_ObjectHideFlags: 0
  serializedVersion: 2
  m_Modification:
    m_TransformParent: {fileID: 0}
    m_Modifications:
    - target: {fileID: 400000, guid: be3e8f342cfad49ca8ce86cb4ceca059, type: 2}
      propertyPath: m_LocalPosition.x
      value: 11.9
      objectReference: {fileID: 0}
    - target: {fileID: 400000, guid: be3e8f342cfad49ca8ce86cb4ceca059, type: 2}
      propertyPath: m_LocalPosition.y
      value: 2.21
      objectReference: {fileID: 0}
    - target: {fileID: 400000, guid: be3e8f342cfad49ca8ce86cb4ceca059, type: 2}
      propertyPath: m_LocalPosition.z
      value: -0
      objectReference: {fileID: 0}
    - target: {fileID: 400000, guid: be3e8f342cfad49ca8ce86cb4ceca059, type: 2}
      propertyPath: m_LocalRotation.x
      value: 0
      objectReference: {fileID: 0}
    - target: {fileID: 400000, guid: be3e8f342cfad49ca8ce86cb4ceca059, type: 2}
      propertyPath: m_LocalRotation.y
      value: 0.7071068
      objectReference: {fileID: 0}
    - target: {fileID: 400000, guid: be3e8f342cfad49ca8ce86cb4ceca059, type: 2}
      propertyPath: m_LocalRotation.z
      value: -0
      objectReference: {fileID: 0}
    - target: {fileID: 400000, guid: be3e8f342cfad49ca8ce86cb4ceca059, type: 2}
      propertyPath: m_LocalRotation.w
      value: -0.7071068
      objectReference: {fileID: 0}
    - target: {fileID: 400000, guid: be3e8f342cfad49ca8ce86cb4ceca059, type: 2}
      propertyPath: m_RootOrder
      value: 4
      objectReference: {fileID: 0}
    - target: {fileID: 100000, guid: be3e8f342cfad49ca8ce86cb4ceca059, type: 2}
      propertyPath: m_Name
      value: Guy
      objectReference: {fileID: 0}
    m_RemovedComponents: []
  m_ParentPrefab: {fileID: 100100000, guid: be3e8f342cfad49ca8ce86cb4ceca059, type: 2}
  m_IsPrefabParent: 0
--- !u!1001 &223
Prefab:
  m_ObjectHideFlags: 0
  serializedVersion: 2
  m_Modification:
    m_TransformParent: {fileID: 0}
    m_Modifications:
    - target: {fileID: 100000, guid: f012f75e14a9148f7a155a3128960c41, type: 2}
      propertyPath: m_Name
      value: SpawnPoint
      objectReference: {fileID: 0}
    - target: {fileID: 400000, guid: f012f75e14a9148f7a155a3128960c41, type: 2}
      propertyPath: m_LocalRotation.x
      value: 0
      objectReference: {fileID: 0}
    - target: {fileID: 400000, guid: f012f75e14a9148f7a155a3128960c41, type: 2}
      propertyPath: m_LocalRotation.y
      value: 0
      objectReference: {fileID: 0}
    - target: {fileID: 400000, guid: f012f75e14a9148f7a155a3128960c41, type: 2}
      propertyPath: m_LocalRotation.z
      value: 0
      objectReference: {fileID: 0}
    - target: {fileID: 400000, guid: f012f75e14a9148f7a155a3128960c41, type: 2}
      propertyPath: m_LocalRotation.w
      value: 1
      objectReference: {fileID: 0}
    - target: {fileID: 400000, guid: f012f75e14a9148f7a155a3128960c41, type: 2}
      propertyPath: m_LocalPosition.x
      value: -11.891837
      objectReference: {fileID: 0}
    - target: {fileID: 400000, guid: f012f75e14a9148f7a155a3128960c41, type: 2}
      propertyPath: m_LocalPosition.y
      value: 15.113755
      objectReference: {fileID: 0}
    - target: {fileID: 400000, guid: f012f75e14a9148f7a155a3128960c41, type: 2}
      propertyPath: m_LocalPosition.z
      value: 0
      objectReference: {fileID: 0}
    - target: {fileID: 400000, guid: f012f75e14a9148f7a155a3128960c41, type: 2}
      propertyPath: m_RootOrder
      value: 1
      objectReference: {fileID: 0}
    m_RemovedComponents: []
  m_ParentPrefab: {fileID: 100100000, guid: f012f75e14a9148f7a155a3128960c41, type: 2}
  m_IsPrefabParent: 0
--- !u!1001 &224
Prefab:
  m_ObjectHideFlags: 0
  serializedVersion: 2
  m_Modification:
    m_TransformParent: {fileID: 0}
    m_Modifications:
    - target: {fileID: 100004, guid: dbc5beb6bc6494b78945a43a9079b576, type: 2}
      propertyPath: m_Name
      value: Sun
      objectReference: {fileID: 0}
    - target: {fileID: 400000, guid: dbc5beb6bc6494b78945a43a9079b576, type: 2}
      propertyPath: m_LocalPosition.x
      value: -0.008613036
      objectReference: {fileID: 0}
    - target: {fileID: 400000, guid: dbc5beb6bc6494b78945a43a9079b576, type: 2}
      propertyPath: m_LocalPosition.y
      value: -0.042518187
      objectReference: {fileID: 0}
    - target: {fileID: 400000, guid: dbc5beb6bc6494b78945a43a9079b576, type: 2}
      propertyPath: m_LocalPosition.z
      value: 0.099999994
      objectReference: {fileID: 0}
    - target: {fileID: 400004, guid: dbc5beb6bc6494b78945a43a9079b576, type: 2}
      propertyPath: m_LocalRotation.x
      value: 0
      objectReference: {fileID: 0}
    - target: {fileID: 400004, guid: dbc5beb6bc6494b78945a43a9079b576, type: 2}
      propertyPath: m_LocalRotation.y
      value: 0
      objectReference: {fileID: 0}
    - target: {fileID: 400004, guid: dbc5beb6bc6494b78945a43a9079b576, type: 2}
      propertyPath: m_LocalRotation.z
      value: 0
      objectReference: {fileID: 0}
    - target: {fileID: 400004, guid: dbc5beb6bc6494b78945a43a9079b576, type: 2}
      propertyPath: m_LocalRotation.w
      value: 1
      objectReference: {fileID: 0}
    - target: {fileID: 400004, guid: dbc5beb6bc6494b78945a43a9079b576, type: 2}
      propertyPath: m_LocalPosition.x
      value: 33.76071
      objectReference: {fileID: 0}
    - target: {fileID: 400004, guid: dbc5beb6bc6494b78945a43a9079b576, type: 2}
      propertyPath: m_LocalPosition.y
      value: 54.18527
      objectReference: {fileID: 0}
    - target: {fileID: 400004, guid: dbc5beb6bc6494b78945a43a9079b576, type: 2}
      propertyPath: m_LocalPosition.z
      value: -1
      objectReference: {fileID: 0}
    - target: {fileID: 400004, guid: dbc5beb6bc6494b78945a43a9079b576, type: 2}
      propertyPath: m_RootOrder
      value: 2
      objectReference: {fileID: 0}
    m_RemovedComponents: []
  m_ParentPrefab: {fileID: 100100000, guid: dbc5beb6bc6494b78945a43a9079b576, type: 2}
  m_IsPrefabParent: 0
--- !u!1001 &225
Prefab:
  m_ObjectHideFlags: 0
  serializedVersion: 2
  m_Modification:
    m_TransformParent: {fileID: 0}
    m_Modifications:
    - target: {fileID: 2300000, guid: 282260218fb334be6aaf873881e2dd1d, type: 3}
      propertyPath: m_Materials.Array.size
      value: 1
      objectReference: {fileID: 0}
    - target: {fileID: 100000, guid: 282260218fb334be6aaf873881e2dd1d, type: 3}
      propertyPath: m_Name
      value: FogMask
      objectReference: {fileID: 0}
    - target: {fileID: 100000, guid: 282260218fb334be6aaf873881e2dd1d, type: 3}
      propertyPath: m_StaticEditorFlags
      value: 0
      objectReference: {fileID: 0}
    - target: {fileID: 100000, guid: 282260218fb334be6aaf873881e2dd1d, type: 3}
      propertyPath: m_IsActive
      value: 0
      objectReference: {fileID: 0}
    - target: {fileID: 400000, guid: 282260218fb334be6aaf873881e2dd1d, type: 3}
      propertyPath: m_LocalRotation.y
      value: 0
      objectReference: {fileID: 0}
    - target: {fileID: 400000, guid: 282260218fb334be6aaf873881e2dd1d, type: 3}
      propertyPath: m_LocalRotation.z
      value: 0
      objectReference: {fileID: 0}
    - target: {fileID: 400000, guid: 282260218fb334be6aaf873881e2dd1d, type: 3}
      propertyPath: m_LocalPosition.x
      value: 0
      objectReference: {fileID: 0}
    - target: {fileID: 400000, guid: 282260218fb334be6aaf873881e2dd1d, type: 3}
      propertyPath: m_LocalPosition.y
      value: 45.552143
      objectReference: {fileID: 0}
    - target: {fileID: 400000, guid: 282260218fb334be6aaf873881e2dd1d, type: 3}
      propertyPath: m_LocalPosition.z
      value: -6
      objectReference: {fileID: 0}
    - target: {fileID: 400000, guid: 282260218fb334be6aaf873881e2dd1d, type: 3}
      propertyPath: m_LocalScale.x
      value: 120.242004
      objectReference: {fileID: 0}
    - target: {fileID: 400000, guid: 282260218fb334be6aaf873881e2dd1d, type: 3}
      propertyPath: m_LocalScale.y
      value: -124.31145
      objectReference: {fileID: 0}
    - target: {fileID: 400000, guid: 282260218fb334be6aaf873881e2dd1d, type: 3}
      propertyPath: m_LocalScale.z
      value: 3.6658914
      objectReference: {fileID: 0}
    - target: {fileID: 2300000, guid: 282260218fb334be6aaf873881e2dd1d, type: 3}
      propertyPath: m_Materials.Array.data[0]
      value: 
      objectReference: {fileID: 2100000, guid: f26cf46a7a2574cc181489e2e08f8bcd, type: 2}
    - target: {fileID: 400000, guid: 282260218fb334be6aaf873881e2dd1d, type: 3}
      propertyPath: m_RootOrder
      value: 0
      objectReference: {fileID: 0}
    m_RemovedComponents: []
  m_ParentPrefab: {fileID: 100100000, guid: 282260218fb334be6aaf873881e2dd1d, type: 3}
  m_IsPrefabParent: 0
--- !u!1001 &226
Prefab:
  m_ObjectHideFlags: 0
  serializedVersion: 2
  m_Modification:
    m_TransformParent: {fileID: 120}
    m_Modifications:
    - target: {fileID: 2300000, guid: 282260218fb334be6aaf873881e2dd1d, type: 3}
      propertyPath: m_Materials.Array.size
      value: 1
      objectReference: {fileID: 0}
    - target: {fileID: 100000, guid: 282260218fb334be6aaf873881e2dd1d, type: 3}
      propertyPath: m_Name
      value: Sky
      objectReference: {fileID: 0}
    - target: {fileID: 400000, guid: 282260218fb334be6aaf873881e2dd1d, type: 3}
      propertyPath: m_LocalRotation.y
      value: -1
      objectReference: {fileID: 0}
    - target: {fileID: 400000, guid: 282260218fb334be6aaf873881e2dd1d, type: 3}
      propertyPath: m_LocalRotation.z
      value: -0
      objectReference: {fileID: 0}
    - target: {fileID: 400000, guid: 282260218fb334be6aaf873881e2dd1d, type: 3}
      propertyPath: m_LocalPosition.x
      value: 0.00004494084
      objectReference: {fileID: 0}
    - target: {fileID: 400000, guid: 282260218fb334be6aaf873881e2dd1d, type: 3}
      propertyPath: m_LocalPosition.y
      value: 0
      objectReference: {fileID: 0}
    - target: {fileID: 400000, guid: 282260218fb334be6aaf873881e2dd1d, type: 3}
      propertyPath: m_LocalPosition.z
      value: 15
      objectReference: {fileID: 0}
    - target: {fileID: 400000, guid: 282260218fb334be6aaf873881e2dd1d, type: 3}
      propertyPath: m_LocalScale.x
      value: 26.71
      objectReference: {fileID: 0}
    - target: {fileID: 400000, guid: 282260218fb334be6aaf873881e2dd1d, type: 3}
      propertyPath: m_LocalScale.y
      value: 20.5
      objectReference: {fileID: 0}
    - target: {fileID: 400000, guid: 282260218fb334be6aaf873881e2dd1d, type: 3}
      propertyPath: m_LocalScale.z
      value: 1.105765
      objectReference: {fileID: 0}
    - target: {fileID: 2300000, guid: 282260218fb334be6aaf873881e2dd1d, type: 3}
      propertyPath: m_Materials.Array.data[0]
      value: 
      objectReference: {fileID: 2100000, guid: 9bc7acaf71d1a4d26acac5745423b223, type: 2}
    - target: {fileID: 400000, guid: 282260218fb334be6aaf873881e2dd1d, type: 3}
      propertyPath: m_RootOrder
      value: 1
      objectReference: {fileID: 0}
    - target: {fileID: 400000, guid: 282260218fb334be6aaf873881e2dd1d, type: 3}
      propertyPath: m_LocalRotation.w
      value: 0.000001498028
      objectReference: {fileID: 0}
    - target: {fileID: 400000, guid: 282260218fb334be6aaf873881e2dd1d, type: 3}
      propertyPath: m_LocalEulerAnglesHint.y
      value: 180
      objectReference: {fileID: 0}
    - target: {fileID: 400000, guid: 282260218fb334be6aaf873881e2dd1d, type: 3}
      propertyPath: m_LocalRotation.x
      value: -0
      objectReference: {fileID: 0}
    m_RemovedComponents: []
  m_ParentPrefab: {fileID: 100100000, guid: 282260218fb334be6aaf873881e2dd1d, type: 3}
  m_IsPrefabParent: 0
--- !u!4 &227 stripped
Transform:
  m_PrefabParentObject: {fileID: 400000, guid: 282260218fb334be6aaf873881e2dd1d, type: 3}
  m_PrefabInternal: {fileID: 226}
--- !u!1001 &177462720
Prefab:
  m_ObjectHideFlags: 0
  serializedVersion: 2
  m_Modification:
    m_TransformParent: {fileID: 1185485147}
    m_Modifications:
    - target: {fileID: 224007968265580274, guid: 5c37eb916194d429181be4606e93280c,
        type: 2}
      propertyPath: m_LocalPosition.x
      value: 0
      objectReference: {fileID: 0}
    - target: {fileID: 224007968265580274, guid: 5c37eb916194d429181be4606e93280c,
        type: 2}
      propertyPath: m_LocalPosition.y
      value: 0
      objectReference: {fileID: 0}
    - target: {fileID: 224007968265580274, guid: 5c37eb916194d429181be4606e93280c,
        type: 2}
      propertyPath: m_LocalPosition.z
      value: 0
      objectReference: {fileID: 0}
    - target: {fileID: 224007968265580274, guid: 5c37eb916194d429181be4606e93280c,
        type: 2}
      propertyPath: m_LocalRotation.x
      value: 0
      objectReference: {fileID: 0}
    - target: {fileID: 224007968265580274, guid: 5c37eb916194d429181be4606e93280c,
        type: 2}
      propertyPath: m_LocalRotation.y
      value: 0
      objectReference: {fileID: 0}
    - target: {fileID: 224007968265580274, guid: 5c37eb916194d429181be4606e93280c,
        type: 2}
      propertyPath: m_LocalRotation.z
      value: 0
      objectReference: {fileID: 0}
    - target: {fileID: 224007968265580274, guid: 5c37eb916194d429181be4606e93280c,
        type: 2}
      propertyPath: m_LocalRotation.w
      value: 1
      objectReference: {fileID: 0}
    - target: {fileID: 224007968265580274, guid: 5c37eb916194d429181be4606e93280c,
        type: 2}
      propertyPath: m_RootOrder
      value: 1
      objectReference: {fileID: 0}
    - target: {fileID: 224007968265580274, guid: 5c37eb916194d429181be4606e93280c,
        type: 2}
      propertyPath: m_AnchoredPosition.x
      value: 0
      objectReference: {fileID: 0}
    - target: {fileID: 224007968265580274, guid: 5c37eb916194d429181be4606e93280c,
        type: 2}
      propertyPath: m_AnchoredPosition.y
      value: 0
      objectReference: {fileID: 0}
    - target: {fileID: 224007968265580274, guid: 5c37eb916194d429181be4606e93280c,
        type: 2}
      propertyPath: m_SizeDelta.x
      value: 0
      objectReference: {fileID: 0}
    - target: {fileID: 224007968265580274, guid: 5c37eb916194d429181be4606e93280c,
        type: 2}
      propertyPath: m_SizeDelta.y
      value: 0
      objectReference: {fileID: 0}
    - target: {fileID: 224007968265580274, guid: 5c37eb916194d429181be4606e93280c,
        type: 2}
      propertyPath: m_AnchorMin.x
      value: 0
      objectReference: {fileID: 0}
    - target: {fileID: 224007968265580274, guid: 5c37eb916194d429181be4606e93280c,
        type: 2}
      propertyPath: m_AnchorMin.y
      value: 0
      objectReference: {fileID: 0}
    - target: {fileID: 224007968265580274, guid: 5c37eb916194d429181be4606e93280c,
        type: 2}
      propertyPath: m_AnchorMax.x
      value: 1
      objectReference: {fileID: 0}
    - target: {fileID: 224007968265580274, guid: 5c37eb916194d429181be4606e93280c,
        type: 2}
      propertyPath: m_AnchorMax.y
      value: 1
      objectReference: {fileID: 0}
    - target: {fileID: 224007968265580274, guid: 5c37eb916194d429181be4606e93280c,
        type: 2}
      propertyPath: m_Pivot.x
      value: 0.5
      objectReference: {fileID: 0}
    - target: {fileID: 224007968265580274, guid: 5c37eb916194d429181be4606e93280c,
        type: 2}
      propertyPath: m_Pivot.y
      value: 0.5
      objectReference: {fileID: 0}
    m_RemovedComponents: []
  m_ParentPrefab: {fileID: 100100000, guid: 5c37eb916194d429181be4606e93280c, type: 2}
  m_IsPrefabParent: 0
--- !u!4 &197449855 stripped
Transform:
  m_PrefabParentObject: {fileID: 400000, guid: f9d1199d38d244d4291d69de5d69e27c, type: 2}
  m_PrefabInternal: {fileID: 845021303}
--- !u!4 &198242914 stripped
Transform:
  m_PrefabParentObject: {fileID: 400000, guid: f9d1199d38d244d4291d69de5d69e27c, type: 2}
  m_PrefabInternal: {fileID: 1916574179}
--- !u!224 &209922883 stripped
RectTransform:
  m_PrefabParentObject: {fileID: 224007968265580274, guid: 5c37eb916194d429181be4606e93280c,
    type: 2}
  m_PrefabInternal: {fileID: 177462720}
--- !u!114 &209922884 stripped
MonoBehaviour:
  m_PrefabParentObject: {fileID: 114994474960789314, guid: 5c37eb916194d429181be4606e93280c,
    type: 2}
  m_PrefabInternal: {fileID: 177462720}
  m_Script: {fileID: 11500000, guid: 00eca55d58c0c42298528f270469a924, type: 3}
--- !u!114 &280843559 stripped
MonoBehaviour:
  m_PrefabParentObject: {fileID: 114544295960920934, guid: be3e8f342cfad49ca8ce86cb4ceca059,
    type: 2}
  m_PrefabInternal: {fileID: 221}
  m_Script: {fileID: 11500000, guid: d4a84a2d304f64b91b43278db14695e7, type: 3}
--- !u!1 &412467038
GameObject:
  m_ObjectHideFlags: 0
  m_PrefabParentObject: {fileID: 0}
  m_PrefabInternal: {fileID: 0}
  serializedVersion: 5
  m_Component:
  - component: {fileID: 412467041}
  - component: {fileID: 412467040}
  - component: {fileID: 412467039}
  m_Layer: 0
  m_Name: EventSystem
  m_TagString: Untagged
  m_Icon: {fileID: 0}
  m_NavMeshLayer: 0
  m_StaticEditorFlags: 0
  m_IsActive: 1
--- !u!114 &412467039
MonoBehaviour:
  m_ObjectHideFlags: 0
  m_PrefabParentObject: {fileID: 0}
  m_PrefabInternal: {fileID: 0}
  m_GameObject: {fileID: 412467038}
  m_Enabled: 1
  m_EditorHideFlags: 0
  m_Script: {fileID: 1077351063, guid: f70555f144d8491a825f0804e09c671c, type: 3}
  m_Name: 
  m_EditorClassIdentifier: 
  m_HorizontalAxis: Horizontal
  m_VerticalAxis: Vertical
  m_SubmitButton: Submit
  m_CancelButton: Cancel
  m_InputActionsPerSecond: 10
  m_RepeatDelay: 0.5
  m_ForceModuleActive: 0
--- !u!114 &412467040
MonoBehaviour:
  m_ObjectHideFlags: 0
  m_PrefabParentObject: {fileID: 0}
  m_PrefabInternal: {fileID: 0}
  m_GameObject: {fileID: 412467038}
  m_Enabled: 1
  m_EditorHideFlags: 0
  m_Script: {fileID: -619905303, guid: f70555f144d8491a825f0804e09c671c, type: 3}
  m_Name: 
  m_EditorClassIdentifier: 
  m_FirstSelected: {fileID: 0}
  m_sendNavigationEvents: 1
  m_DragThreshold: 5
--- !u!4 &412467041
Transform:
  m_ObjectHideFlags: 0
  m_PrefabParentObject: {fileID: 0}
  m_PrefabInternal: {fileID: 0}
  m_GameObject: {fileID: 412467038}
  m_LocalRotation: {x: 0, y: 0, z: 0, w: 1}
  m_LocalPosition: {x: 0, y: 0, z: 0}
  m_LocalScale: {x: 1, y: 1, z: 1}
  m_Children: []
  m_Father: {fileID: 0}
  m_RootOrder: 10
  m_LocalEulerAnglesHint: {x: 0, y: 0, z: 0}
--- !u!1 &624480437
GameObject:
  m_ObjectHideFlags: 0
  m_PrefabParentObject: {fileID: 0}
  m_PrefabInternal: {fileID: 0}
  serializedVersion: 5
  m_Component:
  - component: {fileID: 624480438}
  m_Layer: 0
  m_Name: Level
  m_TagString: Untagged
  m_Icon: {fileID: 0}
  m_NavMeshLayer: 0
  m_StaticEditorFlags: 0
  m_IsActive: 1
--- !u!4 &624480438
Transform:
  m_ObjectHideFlags: 0
  m_PrefabParentObject: {fileID: 0}
  m_PrefabInternal: {fileID: 0}
  m_GameObject: {fileID: 624480437}
  m_LocalRotation: {x: 0, y: 0, z: 0, w: 1}
  m_LocalPosition: {x: 0.5, y: 0.5, z: 0}
  m_LocalScale: {x: 1, y: 1, z: 1}
  m_Children:
  - {fileID: 198242914}
  - {fileID: 916544217}
  - {fileID: 688297079}
  - {fileID: 1329668709}
  - {fileID: 120}
  - {fileID: 197449855}
  - {fileID: 938620169}
  m_Father: {fileID: 0}
  m_RootOrder: 8
  m_LocalEulerAnglesHint: {x: 0, y: 0, z: 0}
--- !u!1001 &688297078
Prefab:
  m_ObjectHideFlags: 0
  serializedVersion: 2
  m_Modification:
    m_TransformParent: {fileID: 624480438}
    m_Modifications:
    - target: {fileID: 100000, guid: f9d1199d38d244d4291d69de5d69e27c, type: 2}
      propertyPath: m_Name
      value: Dirt
      objectReference: {fileID: 0}
    - target: {fileID: 400000, guid: f9d1199d38d244d4291d69de5d69e27c, type: 2}
      propertyPath: m_LocalRotation.x
      value: -0
      objectReference: {fileID: 0}
    - target: {fileID: 400000, guid: f9d1199d38d244d4291d69de5d69e27c, type: 2}
      propertyPath: m_LocalRotation.y
      value: -0
      objectReference: {fileID: 0}
    - target: {fileID: 400000, guid: f9d1199d38d244d4291d69de5d69e27c, type: 2}
      propertyPath: m_LocalRotation.z
      value: -0
      objectReference: {fileID: 0}
    - target: {fileID: 400000, guid: f9d1199d38d244d4291d69de5d69e27c, type: 2}
      propertyPath: m_LocalRotation.w
      value: 1
      objectReference: {fileID: 0}
    - target: {fileID: 400000, guid: f9d1199d38d244d4291d69de5d69e27c, type: 2}
      propertyPath: m_LocalPosition.x
      value: 12
      objectReference: {fileID: 0}
    - target: {fileID: 400000, guid: f9d1199d38d244d4291d69de5d69e27c, type: 2}
      propertyPath: m_LocalPosition.y
      value: 0
      objectReference: {fileID: 0}
    - target: {fileID: 400000, guid: f9d1199d38d244d4291d69de5d69e27c, type: 2}
      propertyPath: m_LocalPosition.z
      value: 1
      objectReference: {fileID: 0}
    - target: {fileID: 5400000, guid: f9d1199d38d244d4291d69de5d69e27c, type: 2}
      propertyPath: m_Mass
      value: 2
      objectReference: {fileID: 0}
    - target: {fileID: 400000, guid: f9d1199d38d244d4291d69de5d69e27c, type: 2}
      propertyPath: m_RootOrder
      value: 2
      objectReference: {fileID: 0}
    - target: {fileID: 400000, guid: f9d1199d38d244d4291d69de5d69e27c, type: 2}
      propertyPath: m_LocalEulerAnglesHint.y
      value: 0
      objectReference: {fileID: 0}
    - target: {fileID: 3300000, guid: f9d1199d38d244d4291d69de5d69e27c, type: 2}
      propertyPath: m_Mesh
      value: 
      objectReference: {fileID: 10210, guid: 0000000000000000e000000000000000, type: 0}
    - target: {fileID: 6500000, guid: f9d1199d38d244d4291d69de5d69e27c, type: 2}
      propertyPath: m_Size.x
      value: 1
      objectReference: {fileID: 0}
    - target: {fileID: 6500000, guid: f9d1199d38d244d4291d69de5d69e27c, type: 2}
      propertyPath: m_Size.y
      value: 1
      objectReference: {fileID: 0}
    - target: {fileID: 2300000, guid: f9d1199d38d244d4291d69de5d69e27c, type: 2}
      propertyPath: m_Materials.Array.data[0]
      value: 
      objectReference: {fileID: 2100000, guid: 71c73b3f87fc04858b05b5494bda93bb, type: 2}
    - target: {fileID: 400000, guid: f9d1199d38d244d4291d69de5d69e27c, type: 2}
      propertyPath: m_LocalScale.x
      value: 25
      objectReference: {fileID: 0}
    - target: {fileID: 6500000, guid: f9d1199d38d244d4291d69de5d69e27c, type: 2}
      propertyPath: m_Center.x
      value: 0
      objectReference: {fileID: 0}
    - target: {fileID: 6500000, guid: f9d1199d38d244d4291d69de5d69e27c, type: 2}
      propertyPath: m_Center.y
      value: 0
      objectReference: {fileID: 0}
    - target: {fileID: 5400000, guid: f9d1199d38d244d4291d69de5d69e27c, type: 2}
      propertyPath: m_IsKinematic
      value: 1
      objectReference: {fileID: 0}
    - target: {fileID: 6500000, guid: f9d1199d38d244d4291d69de5d69e27c, type: 2}
      propertyPath: m_Enabled
      value: 1
      objectReference: {fileID: 0}
    - target: {fileID: 6500000, guid: f9d1199d38d244d4291d69de5d69e27c, type: 2}
      propertyPath: m_Size.z
      value: 5
      objectReference: {fileID: 0}
    m_RemovedComponents: []
  m_ParentPrefab: {fileID: 100100000, guid: f9d1199d38d244d4291d69de5d69e27c, type: 2}
  m_IsPrefabParent: 0
--- !u!4 &688297079 stripped
Transform:
  m_PrefabParentObject: {fileID: 400000, guid: f9d1199d38d244d4291d69de5d69e27c, type: 2}
  m_PrefabInternal: {fileID: 688297078}
--- !u!1001 &845021303
Prefab:
  m_ObjectHideFlags: 0
  serializedVersion: 2
  m_Modification:
    m_TransformParent: {fileID: 624480438}
    m_Modifications:
    - target: {fileID: 100000, guid: f9d1199d38d244d4291d69de5d69e27c, type: 2}
      propertyPath: m_Name
      value: bottomdeath
      objectReference: {fileID: 0}
    - target: {fileID: 400000, guid: f9d1199d38d244d4291d69de5d69e27c, type: 2}
      propertyPath: m_LocalRotation.x
      value: -0
      objectReference: {fileID: 0}
    - target: {fileID: 400000, guid: f9d1199d38d244d4291d69de5d69e27c, type: 2}
      propertyPath: m_LocalRotation.y
      value: -0
      objectReference: {fileID: 0}
    - target: {fileID: 400000, guid: f9d1199d38d244d4291d69de5d69e27c, type: 2}
      propertyPath: m_LocalRotation.z
      value: -0
      objectReference: {fileID: 0}
    - target: {fileID: 400000, guid: f9d1199d38d244d4291d69de5d69e27c, type: 2}
      propertyPath: m_LocalRotation.w
      value: 1
      objectReference: {fileID: 0}
    - target: {fileID: 400000, guid: f9d1199d38d244d4291d69de5d69e27c, type: 2}
      propertyPath: m_LocalPosition.x
      value: 11.33
      objectReference: {fileID: 0}
    - target: {fileID: 400000, guid: f9d1199d38d244d4291d69de5d69e27c, type: 2}
      propertyPath: m_LocalPosition.y
      value: -8.18
      objectReference: {fileID: 0}
    - target: {fileID: 400000, guid: f9d1199d38d244d4291d69de5d69e27c, type: 2}
      propertyPath: m_LocalPosition.z
      value: 0
      objectReference: {fileID: 0}
    - target: {fileID: 5400000, guid: f9d1199d38d244d4291d69de5d69e27c, type: 2}
      propertyPath: m_Mass
      value: 2
      objectReference: {fileID: 0}
    - target: {fileID: 400000, guid: f9d1199d38d244d4291d69de5d69e27c, type: 2}
      propertyPath: m_RootOrder
      value: 5
      objectReference: {fileID: 0}
    - target: {fileID: 400000, guid: f9d1199d38d244d4291d69de5d69e27c, type: 2}
      propertyPath: m_LocalEulerAnglesHint.y
      value: 0
      objectReference: {fileID: 0}
    - target: {fileID: 3300000, guid: f9d1199d38d244d4291d69de5d69e27c, type: 2}
      propertyPath: m_Mesh
      value: 
      objectReference: {fileID: 10210, guid: 0000000000000000e000000000000000, type: 0}
    - target: {fileID: 6500000, guid: f9d1199d38d244d4291d69de5d69e27c, type: 2}
      propertyPath: m_Size.x
      value: 40
      objectReference: {fileID: 0}
    - target: {fileID: 6500000, guid: f9d1199d38d244d4291d69de5d69e27c, type: 2}
      propertyPath: m_Size.y
      value: 1
      objectReference: {fileID: 0}
    - target: {fileID: 2300000, guid: f9d1199d38d244d4291d69de5d69e27c, type: 2}
      propertyPath: m_Materials.Array.data[0]
      value: 
      objectReference: {fileID: 2100000, guid: c1e824e1d181243c28365f09447d0d51, type: 2}
    - target: {fileID: 100000, guid: f9d1199d38d244d4291d69de5d69e27c, type: 2}
      propertyPath: m_TagString
      value: KillCollider
      objectReference: {fileID: 0}
    - target: {fileID: 400000, guid: f9d1199d38d244d4291d69de5d69e27c, type: 2}
      propertyPath: m_LocalScale.x
      value: 1
      objectReference: {fileID: 0}
    - target: {fileID: 400000, guid: f9d1199d38d244d4291d69de5d69e27c, type: 2}
      propertyPath: m_LocalScale.y
      value: 1
      objectReference: {fileID: 0}
    m_RemovedComponents:
    - {fileID: 5400000, guid: f9d1199d38d244d4291d69de5d69e27c, type: 2}
    - {fileID: 2300000, guid: f9d1199d38d244d4291d69de5d69e27c, type: 2}
    - {fileID: 3300000, guid: f9d1199d38d244d4291d69de5d69e27c, type: 2}
    - {fileID: 11100000, guid: f9d1199d38d244d4291d69de5d69e27c, type: 2}
  m_ParentPrefab: {fileID: 100100000, guid: f9d1199d38d244d4291d69de5d69e27c, type: 2}
  m_IsPrefabParent: 0
--- !u!1001 &916544216
Prefab:
  m_ObjectHideFlags: 0
  serializedVersion: 2
  m_Modification:
    m_TransformParent: {fileID: 624480438}
    m_Modifications:
    - target: {fileID: 100000, guid: f9d1199d38d244d4291d69de5d69e27c, type: 2}
      propertyPath: m_Name
      value: Crate (2)
      objectReference: {fileID: 0}
    - target: {fileID: 400000, guid: f9d1199d38d244d4291d69de5d69e27c, type: 2}
      propertyPath: m_LocalRotation.x
      value: -0
      objectReference: {fileID: 0}
    - target: {fileID: 400000, guid: f9d1199d38d244d4291d69de5d69e27c, type: 2}
      propertyPath: m_LocalRotation.y
      value: -0
      objectReference: {fileID: 0}
    - target: {fileID: 400000, guid: f9d1199d38d244d4291d69de5d69e27c, type: 2}
      propertyPath: m_LocalRotation.z
      value: -0
      objectReference: {fileID: 0}
    - target: {fileID: 400000, guid: f9d1199d38d244d4291d69de5d69e27c, type: 2}
      propertyPath: m_LocalRotation.w
      value: 1
      objectReference: {fileID: 0}
    - target: {fileID: 400000, guid: f9d1199d38d244d4291d69de5d69e27c, type: 2}
      propertyPath: m_LocalPosition.x
      value: 4
      objectReference: {fileID: 0}
    - target: {fileID: 400000, guid: f9d1199d38d244d4291d69de5d69e27c, type: 2}
      propertyPath: m_LocalPosition.y
      value: 1
      objectReference: {fileID: 0}
    - target: {fileID: 400000, guid: f9d1199d38d244d4291d69de5d69e27c, type: 2}
      propertyPath: m_LocalPosition.z
      value: 0
      objectReference: {fileID: 0}
    - target: {fileID: 5400000, guid: f9d1199d38d244d4291d69de5d69e27c, type: 2}
      propertyPath: m_Mass
      value: 2
      objectReference: {fileID: 0}
    - target: {fileID: 400000, guid: f9d1199d38d244d4291d69de5d69e27c, type: 2}
      propertyPath: m_RootOrder
      value: 1
      objectReference: {fileID: 0}
    - target: {fileID: 400000, guid: f9d1199d38d244d4291d69de5d69e27c, type: 2}
      propertyPath: m_LocalEulerAnglesHint.y
      value: 0
      objectReference: {fileID: 0}
    - target: {fileID: 3300000, guid: f9d1199d38d244d4291d69de5d69e27c, type: 2}
      propertyPath: m_Mesh
      value: 
      objectReference: {fileID: 10210, guid: 0000000000000000e000000000000000, type: 0}
    - target: {fileID: 6500000, guid: f9d1199d38d244d4291d69de5d69e27c, type: 2}
      propertyPath: m_Size.x
      value: 1
      objectReference: {fileID: 0}
    - target: {fileID: 6500000, guid: f9d1199d38d244d4291d69de5d69e27c, type: 2}
      propertyPath: m_Size.y
      value: 1
      objectReference: {fileID: 0}
    m_RemovedComponents: []
  m_ParentPrefab: {fileID: 100100000, guid: f9d1199d38d244d4291d69de5d69e27c, type: 2}
  m_IsPrefabParent: 0
--- !u!4 &916544217 stripped
Transform:
  m_PrefabParentObject: {fileID: 400000, guid: f9d1199d38d244d4291d69de5d69e27c, type: 2}
  m_PrefabInternal: {fileID: 916544216}
--- !u!4 &938620169 stripped
Transform:
  m_PrefabParentObject: {fileID: 400000, guid: f9d1199d38d244d4291d69de5d69e27c, type: 2}
  m_PrefabInternal: {fileID: 1315442689}
--- !u!224 &1128400629 stripped
RectTransform:
  m_PrefabParentObject: {fileID: 224007968265580274, guid: b47c73ff593644f538156f274d77092e,
    type: 2}
  m_PrefabInternal: {fileID: 1549372979}
--- !u!114 &1128400632 stripped
MonoBehaviour:
  m_PrefabParentObject: {fileID: 114994474960789314, guid: b47c73ff593644f538156f274d77092e,
    type: 2}
  m_PrefabInternal: {fileID: 1549372979}
  m_Script: {fileID: 11500000, guid: 00eca55d58c0c42298528f270469a924, type: 3}
--- !u!1 &1185485143
GameObject:
  m_ObjectHideFlags: 0
  m_PrefabParentObject: {fileID: 0}
  m_PrefabInternal: {fileID: 0}
  serializedVersion: 5
  m_Component:
  - component: {fileID: 1185485147}
  - component: {fileID: 1185485146}
  - component: {fileID: 1185485145}
  - component: {fileID: 1185485144}
  m_Layer: 5
  m_Name: GUI
  m_TagString: Untagged
  m_Icon: {fileID: 0}
  m_NavMeshLayer: 0
  m_StaticEditorFlags: 0
  m_IsActive: 1
--- !u!114 &1185485144
MonoBehaviour:
  m_ObjectHideFlags: 0
  m_PrefabParentObject: {fileID: 0}
  m_PrefabInternal: {fileID: 0}
  m_GameObject: {fileID: 1185485143}
  m_Enabled: 1
  m_EditorHideFlags: 0
  m_Script: {fileID: 1301386320, guid: f70555f144d8491a825f0804e09c671c, type: 3}
  m_Name: 
  m_EditorClassIdentifier: 
  m_IgnoreReversedGraphics: 1
  m_BlockingObjects: 0
  m_BlockingMask:
    serializedVersion: 2
    m_Bits: 4294967295
--- !u!114 &1185485145
MonoBehaviour:
  m_ObjectHideFlags: 0
  m_PrefabParentObject: {fileID: 0}
  m_PrefabInternal: {fileID: 0}
  m_GameObject: {fileID: 1185485143}
  m_Enabled: 1
  m_EditorHideFlags: 0
  m_Script: {fileID: 1980459831, guid: f70555f144d8491a825f0804e09c671c, type: 3}
  m_Name: 
  m_EditorClassIdentifier: 
  m_UiScaleMode: 0
  m_ReferencePixelsPerUnit: 100
  m_ScaleFactor: 1
  m_ReferenceResolution: {x: 800, y: 600}
  m_ScreenMatchMode: 0
  m_MatchWidthOrHeight: 0
  m_PhysicalUnit: 3
  m_FallbackScreenDPI: 96
  m_DefaultSpriteDPI: 96
  m_DynamicPixelsPerUnit: 1
--- !u!223 &1185485146
Canvas:
  m_ObjectHideFlags: 0
  m_PrefabParentObject: {fileID: 0}
  m_PrefabInternal: {fileID: 0}
  m_GameObject: {fileID: 1185485143}
  m_Enabled: 1
  serializedVersion: 3
  m_RenderMode: 0
  m_Camera: {fileID: 0}
  m_PlaneDistance: 100
  m_PixelPerfect: 0
  m_ReceivesEvents: 1
  m_OverrideSorting: 0
  m_OverridePixelPerfect: 0
  m_SortingBucketNormalizedSize: 0
  m_AdditionalShaderChannelsFlag: 0
  m_SortingLayerID: 0
  m_SortingOrder: 0
  m_TargetDisplay: 0
--- !u!224 &1185485147
RectTransform:
  m_ObjectHideFlags: 0
  m_PrefabParentObject: {fileID: 0}
  m_PrefabInternal: {fileID: 0}
  m_GameObject: {fileID: 1185485143}
  m_LocalRotation: {x: 0, y: 0, z: 0, w: 1}
  m_LocalPosition: {x: 0, y: 0, z: 0}
  m_LocalScale: {x: 0, y: 0, z: 0}
  m_Children:
  - {fileID: 1128400629}
  - {fileID: 209922883}
  m_Father: {fileID: 0}
  m_RootOrder: 9
  m_LocalEulerAnglesHint: {x: 0, y: 0, z: 0}
  m_AnchorMin: {x: 0, y: 0}
  m_AnchorMax: {x: 0, y: 0}
  m_AnchoredPosition: {x: 0, y: 0}
  m_SizeDelta: {x: 0, y: 0}
  m_Pivot: {x: 0, y: 0}
--- !u!1001 &1315442689
Prefab:
  m_ObjectHideFlags: 0
  serializedVersion: 2
  m_Modification:
    m_TransformParent: {fileID: 624480438}
    m_Modifications:
    - target: {fileID: 100000, guid: f9d1199d38d244d4291d69de5d69e27c, type: 2}
      propertyPath: m_Name
      value: Crate (4)
      objectReference: {fileID: 0}
    - target: {fileID: 400000, guid: f9d1199d38d244d4291d69de5d69e27c, type: 2}
      propertyPath: m_LocalRotation.x
      value: -0
      objectReference: {fileID: 0}
    - target: {fileID: 400000, guid: f9d1199d38d244d4291d69de5d69e27c, type: 2}
      propertyPath: m_LocalRotation.y
      value: -0
      objectReference: {fileID: 0}
    - target: {fileID: 400000, guid: f9d1199d38d244d4291d69de5d69e27c, type: 2}
      propertyPath: m_LocalRotation.z
      value: -0
      objectReference: {fileID: 0}
    - target: {fileID: 400000, guid: f9d1199d38d244d4291d69de5d69e27c, type: 2}
      propertyPath: m_LocalRotation.w
      value: 1
      objectReference: {fileID: 0}
    - target: {fileID: 400000, guid: f9d1199d38d244d4291d69de5d69e27c, type: 2}
      propertyPath: m_LocalPosition.x
      value: 4
      objectReference: {fileID: 0}
    - target: {fileID: 400000, guid: f9d1199d38d244d4291d69de5d69e27c, type: 2}
      propertyPath: m_LocalPosition.y
      value: 2.34
      objectReference: {fileID: 0}
    - target: {fileID: 400000, guid: f9d1199d38d244d4291d69de5d69e27c, type: 2}
      propertyPath: m_LocalPosition.z
      value: 0
      objectReference: {fileID: 0}
    - target: {fileID: 5400000, guid: f9d1199d38d244d4291d69de5d69e27c, type: 2}
      propertyPath: m_Mass
      value: 2
      objectReference: {fileID: 0}
    - target: {fileID: 400000, guid: f9d1199d38d244d4291d69de5d69e27c, type: 2}
      propertyPath: m_RootOrder
      value: 6
      objectReference: {fileID: 0}
    - target: {fileID: 400000, guid: f9d1199d38d244d4291d69de5d69e27c, type: 2}
      propertyPath: m_LocalEulerAnglesHint.y
      value: 0
      objectReference: {fileID: 0}
    - target: {fileID: 3300000, guid: f9d1199d38d244d4291d69de5d69e27c, type: 2}
      propertyPath: m_Mesh
      value: 
      objectReference: {fileID: 10210, guid: 0000000000000000e000000000000000, type: 0}
    - target: {fileID: 6500000, guid: f9d1199d38d244d4291d69de5d69e27c, type: 2}
      propertyPath: m_Size.x
      value: 1
      objectReference: {fileID: 0}
    - target: {fileID: 6500000, guid: f9d1199d38d244d4291d69de5d69e27c, type: 2}
      propertyPath: m_Size.y
      value: 1
      objectReference: {fileID: 0}
    m_RemovedComponents: []
  m_ParentPrefab: {fileID: 100100000, guid: f9d1199d38d244d4291d69de5d69e27c, type: 2}
  m_IsPrefabParent: 0
--- !u!1001 &1329668708
Prefab:
  m_ObjectHideFlags: 0
  serializedVersion: 2
  m_Modification:
    m_TransformParent: {fileID: 624480438}
    m_Modifications:
    - target: {fileID: 100000, guid: f9d1199d38d244d4291d69de5d69e27c, type: 2}
      propertyPath: m_Name
      value: Crate (3)
      objectReference: {fileID: 0}
    - target: {fileID: 400000, guid: f9d1199d38d244d4291d69de5d69e27c, type: 2}
      propertyPath: m_LocalRotation.x
      value: -0
      objectReference: {fileID: 0}
    - target: {fileID: 400000, guid: f9d1199d38d244d4291d69de5d69e27c, type: 2}
      propertyPath: m_LocalRotation.y
      value: -0
      objectReference: {fileID: 0}
    - target: {fileID: 400000, guid: f9d1199d38d244d4291d69de5d69e27c, type: 2}
      propertyPath: m_LocalRotation.z
      value: -0
      objectReference: {fileID: 0}
    - target: {fileID: 400000, guid: f9d1199d38d244d4291d69de5d69e27c, type: 2}
      propertyPath: m_LocalRotation.w
      value: 1
      objectReference: {fileID: 0}
    - target: {fileID: 400000, guid: f9d1199d38d244d4291d69de5d69e27c, type: 2}
      propertyPath: m_LocalPosition.x
      value: 14.16
      objectReference: {fileID: 0}
    - target: {fileID: 400000, guid: f9d1199d38d244d4291d69de5d69e27c, type: 2}
      propertyPath: m_LocalPosition.y
      value: 2.47
      objectReference: {fileID: 0}
    - target: {fileID: 400000, guid: f9d1199d38d244d4291d69de5d69e27c, type: 2}
      propertyPath: m_LocalPosition.z
      value: 0
      objectReference: {fileID: 0}
    - target: {fileID: 5400000, guid: f9d1199d38d244d4291d69de5d69e27c, type: 2}
      propertyPath: m_Mass
      value: 2
      objectReference: {fileID: 0}
    - target: {fileID: 400000, guid: f9d1199d38d244d4291d69de5d69e27c, type: 2}
      propertyPath: m_RootOrder
      value: 3
      objectReference: {fileID: 0}
    - target: {fileID: 400000, guid: f9d1199d38d244d4291d69de5d69e27c, type: 2}
      propertyPath: m_LocalEulerAnglesHint.y
      value: 0
      objectReference: {fileID: 0}
    - target: {fileID: 3300000, guid: f9d1199d38d244d4291d69de5d69e27c, type: 2}
      propertyPath: m_Mesh
      value: 
      objectReference: {fileID: 10210, guid: 0000000000000000e000000000000000, type: 0}
    - target: {fileID: 6500000, guid: f9d1199d38d244d4291d69de5d69e27c, type: 2}
      propertyPath: m_Size.x
      value: 1
      objectReference: {fileID: 0}
    - target: {fileID: 6500000, guid: f9d1199d38d244d4291d69de5d69e27c, type: 2}
      propertyPath: m_Size.y
      value: 1
      objectReference: {fileID: 0}
    m_RemovedComponents: []
  m_ParentPrefab: {fileID: 100100000, guid: f9d1199d38d244d4291d69de5d69e27c, type: 2}
  m_IsPrefabParent: 0
--- !u!4 &1329668709 stripped
Transform:
  m_PrefabParentObject: {fileID: 400000, guid: f9d1199d38d244d4291d69de5d69e27c, type: 2}
  m_PrefabInternal: {fileID: 1329668708}
--- !u!1001 &1549372979
Prefab:
  m_ObjectHideFlags: 0
  serializedVersion: 2
  m_Modification:
    m_TransformParent: {fileID: 1185485147}
    m_Modifications:
    - target: {fileID: 224007968265580274, guid: b47c73ff593644f538156f274d77092e,
        type: 2}
      propertyPath: m_LocalPosition.x
      value: 0
      objectReference: {fileID: 0}
    - target: {fileID: 224007968265580274, guid: b47c73ff593644f538156f274d77092e,
        type: 2}
      propertyPath: m_LocalPosition.y
      value: 0
      objectReference: {fileID: 0}
    - target: {fileID: 224007968265580274, guid: b47c73ff593644f538156f274d77092e,
        type: 2}
      propertyPath: m_LocalPosition.z
      value: 0
      objectReference: {fileID: 0}
    - target: {fileID: 224007968265580274, guid: b47c73ff593644f538156f274d77092e,
        type: 2}
      propertyPath: m_LocalRotation.x
      value: 0
      objectReference: {fileID: 0}
    - target: {fileID: 224007968265580274, guid: b47c73ff593644f538156f274d77092e,
        type: 2}
      propertyPath: m_LocalRotation.y
      value: 0
      objectReference: {fileID: 0}
    - target: {fileID: 224007968265580274, guid: b47c73ff593644f538156f274d77092e,
        type: 2}
      propertyPath: m_LocalRotation.z
      value: 0
      objectReference: {fileID: 0}
    - target: {fileID: 224007968265580274, guid: b47c73ff593644f538156f274d77092e,
        type: 2}
      propertyPath: m_LocalRotation.w
      value: 1
      objectReference: {fileID: 0}
    - target: {fileID: 224007968265580274, guid: b47c73ff593644f538156f274d77092e,
        type: 2}
      propertyPath: m_RootOrder
      value: 0
      objectReference: {fileID: 0}
    - target: {fileID: 224007968265580274, guid: b47c73ff593644f538156f274d77092e,
        type: 2}
      propertyPath: m_AnchoredPosition.x
      value: 0
      objectReference: {fileID: 0}
    - target: {fileID: 224007968265580274, guid: b47c73ff593644f538156f274d77092e,
        type: 2}
      propertyPath: m_AnchoredPosition.y
      value: 0
      objectReference: {fileID: 0}
    - target: {fileID: 224007968265580274, guid: b47c73ff593644f538156f274d77092e,
        type: 2}
      propertyPath: m_SizeDelta.x
      value: 0
      objectReference: {fileID: 0}
    - target: {fileID: 224007968265580274, guid: b47c73ff593644f538156f274d77092e,
        type: 2}
      propertyPath: m_SizeDelta.y
      value: 0
      objectReference: {fileID: 0}
    - target: {fileID: 224007968265580274, guid: b47c73ff593644f538156f274d77092e,
        type: 2}
      propertyPath: m_AnchorMin.x
      value: 0
      objectReference: {fileID: 0}
    - target: {fileID: 224007968265580274, guid: b47c73ff593644f538156f274d77092e,
        type: 2}
      propertyPath: m_AnchorMin.y
      value: 0
      objectReference: {fileID: 0}
    - target: {fileID: 224007968265580274, guid: b47c73ff593644f538156f274d77092e,
        type: 2}
      propertyPath: m_AnchorMax.x
      value: 1
      objectReference: {fileID: 0}
    - target: {fileID: 224007968265580274, guid: b47c73ff593644f538156f274d77092e,
        type: 2}
      propertyPath: m_AnchorMax.y
      value: 1
      objectReference: {fileID: 0}
    - target: {fileID: 224007968265580274, guid: b47c73ff593644f538156f274d77092e,
        type: 2}
      propertyPath: m_Pivot.x
      value: 0.5
      objectReference: {fileID: 0}
    - target: {fileID: 224007968265580274, guid: b47c73ff593644f538156f274d77092e,
        type: 2}
      propertyPath: m_Pivot.y
      value: 0.5
      objectReference: {fileID: 0}
    m_RemovedComponents: []
  m_ParentPrefab: {fileID: 100100000, guid: b47c73ff593644f538156f274d77092e, type: 2}
  m_IsPrefabParent: 0
--- !u!1 &1752993166
GameObject:
  m_ObjectHideFlags: 0
  m_PrefabParentObject: {fileID: 0}
  m_PrefabInternal: {fileID: 0}
  serializedVersion: 5
  m_Component:
  - component: {fileID: 1752993168}
  - component: {fileID: 1752993167}
  - component: {fileID: 1752993170}
  m_Layer: 0
  m_Name: SceneContext
  m_TagString: Untagged
  m_Icon: {fileID: 0}
  m_NavMeshLayer: 0
  m_StaticEditorFlags: 0
  m_IsActive: 1
--- !u!114 &1752993167
MonoBehaviour:
  m_ObjectHideFlags: 0
  m_PrefabParentObject: {fileID: 0}
  m_PrefabInternal: {fileID: 0}
  m_GameObject: {fileID: 1752993166}
  m_Enabled: 1
  m_EditorHideFlags: 0
  m_Script: {fileID: 11500000, guid: 89715ad69b973a14899afa2c6730b30b, type: 3}
  m_Name: 
  m_EditorClassIdentifier: 
  _installers:
  - {fileID: 1752993170}
  _installerPrefabs: []
  _scriptableObjectInstallers:
  - {fileID: 11400000, guid: a5f20a28c08e14c15b2a1bc6a26903ee, type: 2}
  _autoRun: 1
  _parentNewObjectsUnderRoot: 0
  _contractNames: []
  _parentContractName: 
  _parentContractNames: []
--- !u!4 &1752993168
Transform:
  m_ObjectHideFlags: 0
  m_PrefabParentObject: {fileID: 0}
  m_PrefabInternal: {fileID: 0}
  m_GameObject: {fileID: 1752993166}
  m_LocalRotation: {x: 0, y: 0, z: 0, w: 1}
  m_LocalPosition: {x: -19.280483, y: 22.695807, z: -0.05660519}
  m_LocalScale: {x: 1, y: 1, z: 1}
  m_Children: []
  m_Father: {fileID: 0}
  m_RootOrder: 7
  m_LocalEulerAnglesHint: {x: 0, y: 0, z: 0}
--- !u!114 &1752993170
MonoBehaviour:
  m_ObjectHideFlags: 0
  m_PrefabParentObject: {fileID: 0}
  m_PrefabInternal: {fileID: 0}
  m_GameObject: {fileID: 1752993166}
  m_Enabled: 1
  m_EditorHideFlags: 0
  m_Script: {fileID: 11500000, guid: 9b217291d64f14102b92f14061afd99f, type: 3}
  m_Name: 
  m_EditorClassIdentifier: 
  player: {fileID: 280843559}
  loseScreen: {fileID: 1128400632}
  winScreen: {fileID: 209922884}
--- !u!1 &1816940269 stripped
GameObject:
  m_PrefabParentObject: {fileID: 100000, guid: f9d1199d38d244d4291d69de5d69e27c, type: 2}
  m_PrefabInternal: {fileID: 688297078}
--- !u!114 &1816940275
MonoBehaviour:
  m_ObjectHideFlags: 0
  m_PrefabParentObject: {fileID: 0}
  m_PrefabInternal: {fileID: 0}
  m_GameObject: {fileID: 1816940269}
  m_Enabled: 1
  m_EditorHideFlags: 0
  m_Script: {fileID: 11500000, guid: 6ed41d3c5b28d41f9ba7eeb2baae34c0, type: 3}
  m_Name: 
  m_EditorClassIdentifier: 
--- !u!1001 &1916574179
Prefab:
  m_ObjectHideFlags: 0
  serializedVersion: 2
  m_Modification:
    m_TransformParent: {fileID: 624480438}
    m_Modifications:
    - target: {fileID: 100000, guid: f9d1199d38d244d4291d69de5d69e27c, type: 2}
      propertyPath: m_Name
      value: Crate (1)
      objectReference: {fileID: 0}
    - target: {fileID: 400000, guid: f9d1199d38d244d4291d69de5d69e27c, type: 2}
      propertyPath: m_LocalRotation.x
      value: -0
      objectReference: {fileID: 0}
    - target: {fileID: 400000, guid: f9d1199d38d244d4291d69de5d69e27c, type: 2}
      propertyPath: m_LocalRotation.y
      value: -0
      objectReference: {fileID: 0}
    - target: {fileID: 400000, guid: f9d1199d38d244d4291d69de5d69e27c, type: 2}
      propertyPath: m_LocalRotation.z
      value: -0
      objectReference: {fileID: 0}
    - target: {fileID: 400000, guid: f9d1199d38d244d4291d69de5d69e27c, type: 2}
      propertyPath: m_LocalRotation.w
      value: 1
      objectReference: {fileID: 0}
    - target: {fileID: 400000, guid: f9d1199d38d244d4291d69de5d69e27c, type: 2}
      propertyPath: m_LocalPosition.x
      value: 14.15
      objectReference: {fileID: 0}
    - target: {fileID: 400000, guid: f9d1199d38d244d4291d69de5d69e27c, type: 2}
      propertyPath: m_LocalPosition.y
      value: 1.34
      objectReference: {fileID: 0}
    - target: {fileID: 400000, guid: f9d1199d38d244d4291d69de5d69e27c, type: 2}
      propertyPath: m_LocalPosition.z
      value: 0
      objectReference: {fileID: 0}
    - target: {fileID: 5400000, guid: f9d1199d38d244d4291d69de5d69e27c, type: 2}
      propertyPath: m_Mass
      value: 2
      objectReference: {fileID: 0}
    - target: {fileID: 400000, guid: f9d1199d38d244d4291d69de5d69e27c, type: 2}
      propertyPath: m_RootOrder
      value: 0
      objectReference: {fileID: 0}
    - target: {fileID: 400000, guid: f9d1199d38d244d4291d69de5d69e27c, type: 2}
      propertyPath: m_LocalEulerAnglesHint.y
      value: 0
      objectReference: {fileID: 0}
    - target: {fileID: 3300000, guid: f9d1199d38d244d4291d69de5d69e27c, type: 2}
      propertyPath: m_Mesh
      value: 
      objectReference: {fileID: 10210, guid: 0000000000000000e000000000000000, type: 0}
    - target: {fileID: 6500000, guid: f9d1199d38d244d4291d69de5d69e27c, type: 2}
      propertyPath: m_Size.x
      value: 1
      objectReference: {fileID: 0}
    - target: {fileID: 6500000, guid: f9d1199d38d244d4291d69de5d69e27c, type: 2}
      propertyPath: m_Size.y
      value: 1
      objectReference: {fileID: 0}
    m_RemovedComponents: []
  m_ParentPrefab: {fileID: 100100000, guid: f9d1199d38d244d4291d69de5d69e27c, type: 2}
  m_IsPrefabParent: 0
